<?xml version="1.0" encoding="UTF-8"?><record xmlns="http://www.loc.gov/MARC21/slim" xmlns:cinclude="http://apache.org/cocoon/include/1.0" xmlns:zs="http://www.loc.gov/zing/srw/">
  <leader>01151nz  a2200217n  4500</leader>
  <controlfield tag="001">nb2013018240</controlfield>
  <controlfield tag="003">DLC</controlfield>
  <controlfield tag="005">20130906050915.0</controlfield>
  <controlfield tag="008">130905n| azannaabn          |a ana      </controlfield>
  <datafield tag="010" ind1=" " ind2=" ">
    <subfield code="a">nb2013018240</subfield>
  </datafield>
  <datafield tag="035" ind1=" " ind2=" ">
    <subfield code="a">(Uk)008834669</subfield>
  </datafield>
  <datafield tag="040" ind1=" " ind2=" ">
    <subfield code="a">Uk</subfield>
    <subfield code="b">eng</subfield>
    <subfield code="e">rda</subfield>
    <subfield code="c">Uk</subfield>
  </datafield>
  <datafield tag="046" ind1=" " ind2=" ">
    <subfield code="s">1969</subfield>
  </datafield>
  <datafield tag="110" ind1="2" ind2=" ">
    <subfield code="a">Acxiom (Firm)</subfield>
  </datafield>
  <datafield tag="368" ind1=" " ind2=" ">
    <subfield code="a">Business enterprises</subfield>
    <subfield code="2">lcsh</subfield>
  </datafield>
  <datafield tag="370" ind1=" " ind2=" ">
    <subfield code="e">Little Rock, Ark.</subfield>
  </datafield>
  <datafield tag="372" ind1=" " ind2=" ">
    <subfield code="a">Marketing</subfield>
    <subfield code="2">lcsh</subfield>
  </datafield>
  <datafield tag="377" ind1=" " ind2=" ">
    <subfield code="a">eng</subfield>
  </datafield>
  <datafield tag="410" ind1="2" ind2=" ">
    <subfield code="a">Acxiom Limited</subfield>
  </datafield>
  <datafield tag="670" ind1=" " ind2=" ">
    <subfield code="a">Understanding and validating Acxiom's research opinion poll data, 2010:</subfield>
    <subfield code="b">PDF title page (Acxiom Limited. Park House, Teddington, TW11 9AD, United Kingdom) page 2 (As a global leader in interactive multi-channel marketing services, Acxiom aims to collect data from a range of sources to aid organisations in customer profiling, retention and acquisition)</subfield>
  </datafield>
  <datafield tag="670" ind1=" " ind2=" ">
    <subfield code="a">Acxiom website, viewed on 5 September 2013:</subfield>
    <subfield code="b">About page (Founded in 1969, Acxiom (Nasdaq: ACXM) is headquartered in Little Rock, Ark., and serves clients around the world from locations in the United States, Europe, and the Asia-Pacific. Acxiom is a recognised global leader in marketing services and technology)</subfield>
  </datafield>
</record>